@article{Cav,
	doi = {10.1038/s41467-022-29883-4},
	url = {https://doi.org/10.1038%2Fs41467-022-29883-4},
	year = 2022,
	month = {may},
	publisher = {Springer Science and Business Media {LLC}},
	volume = {13},
	number = {1},
	author = {Andrea Cavagna and Antonio Culla and Xiao Feng and Irene Giardina and Tomas S. Grigera and Willow Kion-Crosby and Stefania Melillo and Giulia Pisegna and Lorena Postiglione and Pablo Villegas},
	title = {Marginal speed confinement resolves the conflict between correlation and control in collective behaviour},
	journal = {Nature Communications}
}

@article{Yuh,
  title = {Sound Waves and the Absence of Galilean Invariance in Flocks},
  author = {Tu, Yuhai and Toner, John and Ulm, Markus},
  journal = {Phys. Rev. Lett.},
  volume = {80},
  issue = {21},
  pages = {4819--4822},
  numpages = {0},
  year = {1998},
  month = {May},
  publisher = {American Physical Society},
  doi = {10.1103/PhysRevLett.80.4819},
  url = {https://link.aps.org/doi/10.1103/PhysRevLett.80.4819}
}


@Inbook{Ros,
    author="Rossi, C. and Coral, W. and Barrientos, A.",
    editor="Palstra, Arjan P. and Planas, Josep V.",
    title="Robotic Fish to Lead the School",
    bookTitle="Swimming Physiology of Fish: Towards Using Exercise to Farm a Fit Fish in Sustainable Aquaculture",
    year="2013",
    publisher="Springer Berlin Heidelberg",
    address="Berlin, Heidelberg",
    pages="407--421",
    isbn="978-3-642-31049-2",
    doi="10.1007/978-3-642-31049-2_17",
    url="https://doi.org/10.1007/978-3-642-31049-2_17"
}

@MISC{Cra,
author = {Craig Reynolds},
title = {Boids
Background and Update},
howpublished={\url{http://www.red3d.com/cwr/boids/}}
}


@article{Rey,
  title = {Flocks, herds and schools: A distributed behavioral model},
  author = {Craig W. Reynolds},
  journal = {ACM},
  pages = {25--34},
  year = {1987},
  month = {August},
  publisher = {American Physical Society},
  doi = {https://doi.org/10.1145/37401.37406},
  url = {https://dl.acm.org/doi/abs/10.1145/37401.37406}
}